<record><leader>00000cas a2200000 a 4500</leader><controlfield tag="001">4582164</controlfield><controlfield tag="008">790124c19389999msudn ne      0    0eng c</controlfield><datafield ind1=" " ind2=" " tag="010"><subfield code="a">sn 84024322 </subfield></datafield><datafield ind1=" " ind2=" " tag="040"><subfield code="a">UCU</subfield><subfield code="b">eng</subfield><subfield code="c">UCU</subfield><subfield code="d">NPV</subfield><subfield code="d">DLC</subfield><subfield code="d">MSJ</subfield><subfield code="d">CNK</subfield><subfield code="d">CRL</subfield><subfield code="d">NYS</subfield><subfield code="d">OCLCQ</subfield><subfield code="d">OCLCF</subfield><subfield code="d">OCLCO</subfield></datafield><datafield ind1="1" ind2=" " tag="029"><subfield code="a">AU@</subfield><subfield code="b">000020335442</subfield></datafield><datafield ind1=" " ind2=" " tag="042"><subfield code="a">pcc</subfield></datafield><datafield ind1=" " ind2=" " tag="043"><subfield code="a">n-us-ms</subfield></datafield><datafield ind1="0" ind2="4" tag="245"><subfield code="a">The Delta Democrat-times.</subfield></datafield><datafield ind1=" " ind2=" " tag="260"><subfield code="a">Greenville, Miss. :</subfield><subfield code="b">Delta Democrat Pub. Co.,</subfield><subfield code="c">[1938]-</subfield></datafield><datafield ind1=" " ind2=" " tag="300"><subfield code="a">v. :</subfield><subfield code="b">ill.</subfield></datafield><datafield ind1=" " ind2=" " tag="310"><subfield code="a">Daily (except Sat.)</subfield></datafield><datafield ind1="0" ind2=" " tag="362"><subfield code="a">Vol. 42, no. 309 (Sept. 1, 1938)-</subfield></datafield><datafield ind1=" " ind2=" " tag="500"><subfield code="a">Editor: Hodding Carter, Sept. 1, 1938-July 1, 1962.</subfield></datafield><datafield ind1=" " ind2=" " tag="530"><subfield code="a">Also issued on microfilm from UMI.</subfield></datafield><datafield ind1=" " ind2=" " tag="580"><subfield code="a">Formed by the merger of: Daily Democrat-times, and: Delta star (Greenville, Miss.).</subfield></datafield><datafield ind1=" " ind2=" " tag="588"><subfield code="a">Latest issue consulted: 78th year, no. 104 (Dec. 30, 1966).</subfield></datafield><datafield ind1=" " ind2="0" tag="651"><subfield code="a">Greenville (Miss.)</subfield><subfield code="v">Newspapers.</subfield></datafield><datafield ind1=" " ind2="0" tag="651"><subfield code="a">Washington County (Miss.)</subfield><subfield code="v">Newspapers.</subfield></datafield><datafield ind1=" " ind2="7" tag="655"><subfield code="a">Newspapers.</subfield><subfield code="2">fast</subfield><subfield code="0">(OCoLC)fst01423814</subfield></datafield><datafield ind1=" " ind2="7" tag="651"><subfield code="a">Mississippi</subfield><subfield code="z">Greenville.</subfield><subfield code="2">fast</subfield><subfield code="0">(OCoLC)fst01220255</subfield></datafield><datafield ind1=" " ind2="7" tag="651"><subfield code="a">Mississippi</subfield><subfield code="z">Washington County.</subfield><subfield code="2">fast</subfield><subfield code="0">(OCoLC)fst01215581</subfield></datafield><datafield ind1=" " ind2=" " tag="752"><subfield code="a">United States</subfield><subfield code="b">Mississippi</subfield><subfield code="c">Washington</subfield><subfield code="d">Greenville.</subfield></datafield><datafield ind1="1" ind2="4" tag="780"><subfield code="t">Daily Democrat-times</subfield><subfield code="w">(DLC)sn 87065120</subfield><subfield code="w">(OCoLC)15160766</subfield></datafield><datafield ind1="1" ind2="4" tag="780"><subfield code="t">Delta star (Greenville, Miss.)</subfield><subfield code="w">(DLC)sn 87065229</subfield><subfield code="w">(OCoLC)15490999</subfield></datafield></record>